% Encoding: UTF-8

@Article{Baines1,
  author  = {M.J. Baines, M.E. Hubbard and P.K. Jimack},
  title   = {A moving mesh finite element algorithm for the adaptive solution of time-dependent partial differential equations with moving boundaries},
  journal = {Applied Numerical Mathematics Volume 54, Issues 3-4, August 2005, Pages 450-469},
  year    = {2005},
}

@Book{Tveito1,
  title     = {Introduction to Partial Differential Equations A Computational Approach},
  publisher = {Springer},
  year      = {2009},
  author    = {Aslak Tveito and Ragnar Winther},
  editor    = {J. E. Marsden L. Sirovich S.S. Antman},
}

@Book{Morton1,
  title     = {Difference Methods for Initial-Value Problems},
  publisher = {John Wiley \& Sons},
  year      = {1967},
  author    = {R. D. Richtmyer and K. W. Morton},
  editor    = {L. Bers R. Courant J. J. Stoker},
}

@Article{Baines2005,
  author    = {Baines, Mike J and Hubbard, ME and Jimack, PK},
  title     = {A moving mesh finite element algorithm for the adaptive solution of time-dependent partial differential equations with moving boundaries},
  journal   = {Applied Numerical Mathematics},
  year      = {2005},
  volume    = {54},
  number    = {3-4},
  pages     = {450--469},
  publisher = {Elsevier},
}

@Article{Baines2011,
  author    = {Baines, MJ and Hubbard, ME and Jimack, PK},
  title     = {Velocity-based moving mesh methods for nonlinear partial differential equations},
  journal   = {Communications in Computational Physics},
  year      = {2011},
  volume    = {10},
  number    = {03},
  pages     = {509--576},
  publisher = {Cambridge Univ Press},
}

@Article{Baines2005a,
  author    = {Baines, Mike J and Hubbard, ME and Jimack, PK},
  title     = {A moving mesh finite element algorithm for fluid flow problems with moving boundaries},
  journal   = {International journal for numerical methods in fluids},
  year      = {2005},
  volume    = {47},
  number    = {10-11},
  pages     = {1077--1083},
  publisher = {Wiley Online Library},
}

@Article{Baines2006,
  author    = {Baines, MJ and Hubbard, ME and Jimack, PK and Jones, AC},
  title     = {Scale-invariant moving finite elements for nonlinear partial differential equations in two dimensions},
  journal   = {Applied Numerical Mathematics},
  year      = {2006},
  volume    = {56},
  number    = {2},
  pages     = {230--252},
  publisher = {Elsevier},
}

@Book{Weizhang2010,
  title     = {Adaptive moving mesh methods},
  publisher = {Springer Science \& Business Media},
  year      = {2010},
  author    = {Weizhang, Huang and Russell, Robert D},
  volume    = {174},
}

@Article{Baines2009,
  author    = {Baines, MJ and Hubbard, ME and Jimack, PK and Mahmood, R},
  title     = {A moving-mesh finite element method and its application to the numerical solution of phase-change problems},
  journal   = {Communications in Computational Physics},
  year      = {2009},
  volume    = {6},
  number    = {3},
  pages     = {595--624},
  publisher = {Global Science Press},
}

@Article{Baines1986,
  author    = {Baines, MJ and Wathen, AJ},
  title     = {Moving finite element modelling of compressible flow},
  journal   = {Applied numerical mathematics},
  year      = {1986},
  volume    = {2},
  number    = {6},
  pages     = {495--514},
  publisher = {Elsevier},
}

@Article{Baines2016,
  author  = {Baines, MJ and Sarahs, N},
  title   = {A finite difference scheme for a class of nonlinear diffusion problems that preserves scaling symmetry},
  journal = {Mathematics preprint series, MPS-2016-11, Dept of Maths and Stats, University of Reading (2016)},
  year    = {2016},
}

@Article{Lukyanov2012,
  author    = {Lukyanov, Alex V and Sushchikh, MM and Baines, Mike J and Theofanous, TG},
  title     = {Superfast nonlinear diffusion: capillary transport in particulate porous media},
  journal   = {Physical review letters},
  year      = {2012},
  volume    = {109},
  number    = {21},
  pages     = {214501},
  publisher = {APS},
}

@PhdThesis{Prince2011,
  author = {Prince, Justin},
  title  = {Fast Diffusion in Porous Media},
  school = {Citeseer},
  year   = {2011},
}

@Article{Scherer2012,
  author  = {Scherer, G and Baines, MJ},
  title   = {Moving mesh finite difference schemes for the porous medium equation},
  journal = {Mathematics Report Series},
  year    = {2012},
  volume  = {1},
}

@Book{Vazquez2007,
  title     = {The porous medium equation: mathematical theory},
  publisher = {Oxford University Press},
  year      = {2007},
  author    = {V{\'a}zquez, Juan Luis},
}

@Book{Evans1,
  title     = {Partial Differential Equations},
  publisher = {American Mathematical Soc.},
  year      = {1997},
  author    = {Lawrence C Evans},
}

@Misc{Lukyanov2017,
  author       = {Alex Lukyanov},
  title        = {Simulation of transport in porous media: Super Fast Diffusion regime and beyond},
  howpublished = {Private communication},
  month        = may,
  year         = {2017},
}

@Misc{Baines2017,
  author       = {M J Baines},
  title        = {A positivity and monotonicity preserving moving mesh finite difference scheme based on local conservation},
  howpublished = {Private Communication},
  month        = may,
  year         = {2017},
}

@Article{Baines2014,
  author    = {Baines, MJ and Lee, TE},
  title     = {A large time-step implicit moving mesh scheme for moving boundary problems},
  journal   = {Numerical Methods for Partial Differential Equations},
  year      = {2014},
  volume    = {30},
  number    = {1},
  pages     = {321--338},
  publisher = {Wiley Online Library},
}

@Article{Lee2014,
  author  = {T. E. Lee, M. J. Baines, S. Langdon},
  title   = {A finite difference moving mesh method based on conservation for moving boundary problems},
  journal = {Journal of Computational Applied Mathematics},
  year    = {2014},
}

@Misc{ALStability,
  author       = {Andy Legg},
  title        = {Stability and Error Analysis for the Numerical Solution of the Non-Linear Heat Flow Equation using Finite Differences},
  howpublished = {Personal research},
  month        = {May},
  year         = {2017},
}

@Unpublished{ALSFD,
  author = {Andy Legg},
  title  = {Modelling Super Fast Diffusion in a Porous Medium using FEM and Mass Conservation},
  note   = {Private research},
  month  = {Jul},
  year   = {2017},
}

@Book{Johnson2012,
  title     = {Numerical solution of partial differential equations by the finite element method},
  publisher = {Courier Corporation},
  year      = {2012},
  author    = {Johnson, Claes},
}

@Article{Dupont1980,
  author  = {Todd Dupont and Ridgway Scott},
  title   = {Polynomial Approximation of Functions in Sobolev Spaces},
  journal = {AMS, Mathematics of Computation},
  year    = {1980},
  volume  = {Vol. 34},
  number  = {150},
  pages   = {441-463},
  month   = apr,
}

@Article{l,
  author  = {Legg, A.},
  title   = {A priori error estimation modelling 2_D diffusion using finite elements and local mass conservation},
  journal = {Private research},
  year    = {2017},
}

@Misc{Griffiths,
  author        = {Griffiths, David J},
  title         = {Introduction To Electrodynamics (1989)},
  __markedentry = {[andyl:]},
  publisher     = {Prentice-Hall of India},
}

@Article{Lax2016,
  author        = {Lax, PD and Milgram, AN},
  title         = {Ix. parabolic equations},
  journal       = {Contributions to the Theory of Partial Differential Equations.(AM-33)},
  year          = {2016},
  volume        = {33},
  pages         = {167},
  __markedentry = {[andyl:6]},
  publisher     = {Princeton University Press},
}

@Comment{jabref-meta: databaseType:bibtex;}
